@proceedings{Sibgrapi2024,
	Address = {Manaus, AM, Brazil},
	Booktitle = {SIBGRAPI},
	Month = {October},
	Publisher = {{IEEE}},
	Title = {Proceedings of the 35th SIBGRAPI Conference on Graphics, Patterns and Images (SIBGRAPI)},
	Year = {2024}
}

